<record><leader>00000cas a22000007a 4500</leader><controlfield tag="001">29501733</controlfield><controlfield tag="008">931215d1896189uctumr ne      0    0eng d</controlfield><datafield ind1=" " ind2=" " tag="010"><subfield code="a">sn 93054152 </subfield></datafield><datafield ind1=" " ind2=" " tag="040"><subfield code="a">CNW</subfield><subfield code="b">eng</subfield><subfield code="c">CNW</subfield><subfield code="d">OCLCQ</subfield></datafield><datafield ind1=" " ind2=" " tag="042"><subfield code="a">msc</subfield></datafield><datafield ind1="0" ind2=" " tag="130"><subfield code="a">Dial (Windsor, Conn.)</subfield></datafield><datafield ind1="1" ind2="4" tag="245"><subfield code="a">The dial.</subfield></datafield><datafield ind1=" " ind2=" " tag="260"><subfield code="a">Windsor, Conn. :</subfield><subfield code="b">Howard W. Benjamin, ed. in chief</subfield></datafield><datafield ind1=" " ind2=" " tag="300"><subfield code="a">v.</subfield></datafield><datafield ind1=" " ind2=" " tag="310"><subfield code="a">Monthly</subfield></datafield><datafield ind1="0" ind2=" " tag="362"><subfield code="a">Vol. 1, no. 1 (Jun. 1, 1896)-</subfield></datafield><datafield ind1=" " ind2=" " tag="500"><subfield code="a">"A journal devoted to the interests of the town of Windsor."</subfield></datafield><datafield ind1=" " ind2="4" tag="651"><subfield code="a">Windsor (Conn.)</subfield><subfield code="v">Newspapers.</subfield></datafield><datafield ind1=" " ind2=" " tag="752"><subfield code="a">United States</subfield><subfield code="b">Connecticut</subfield><subfield code="c">Hartford</subfield><subfield code="d">Windsor.</subfield></datafield><datafield ind1="1" ind2=" " tag="029"><subfield code="a">AU@</subfield><subfield code="b">000025908843</subfield></datafield></record>